<?xml version="1.0" encoding="UTF-8"?><collection xmlns="http://www.loc.gov/MARC21/slim"><record><leader>00407nam--2200145-i-4500</leader><controlfield tag="001">000046190</controlfield><controlfield tag="002">20161230</controlfield><controlfield tag="005">20170125231310</controlfield><controlfield tag="008">060222s1000------------r-----000-0-eng-d</controlfield><datafield ind1=" " ind2=" " tag="080"><subfield code="a">801.323.1+802.0+800.935:54</subfield></datafield><datafield ind1=" " ind2=" " tag="245"><subfield code="a">The van nostrand chemist`s dictionary. Edited by Honig J.M. s.a</subfield></datafield><datafield ind1=" " ind2=" " tag="260"><subfield code="a">Toronto</subfield><subfield code="b">D.Van Nostrand Co.Inc</subfield><subfield code="c">1961</subfield></datafield><datafield ind1=" " ind2=" " tag="300"><subfield code="a">761 p</subfield></datafield><datafield ind1=" " ind2=" " tag="852"><subfield code="a">D.282</subfield></datafield><datafield ind1=" " ind2=" " tag="CAT"><subfield code="a">SYS</subfield><subfield code="c">20170125</subfield><subfield code="h">231310</subfield></datafield></record></collection>